%YAML 1.1
%TAG !u! tag:unity3d.com,2011:
--- !u!1 &822878117
GameObject:
  m_ObjectHideFlags: 0
  m_CorrespondingSourceObject: {fileID: 0}
  m_PrefabInstance: {fileID: 0}
  m_PrefabAsset: {fileID: 0}
  serializedVersion: 6
  m_Component:
  - component: {fileID: 822878118}
  m_Layer: 9
  m_Name: PunchTrigger
  m_TagString: Untagged
  m_Icon: {fileID: 0}
  m_NavMeshLayer: 0
  m_StaticEditorFlags: 0
  m_IsActive: 1
--- !u!4 &822878118
Transform:
  m_ObjectHideFlags: 0
  m_CorrespondingSourceObject: {fileID: 0}
  m_PrefabInstance: {fileID: 0}
  m_PrefabAsset: {fileID: 0}
  m_GameObject: {fileID: 822878117}
  m_LocalRotation: {x: 0, y: 0, z: 0, w: 1}
  m_LocalPosition: {x: 0.033, y: 1.386, z: 0.516}
  m_LocalScale: {x: 1.3291, y: 1.3291, z: 1.3291}
  m_Children: []
  m_Father: {fileID: 1477816149906006084}
  m_RootOrder: 9
  m_LocalEulerAnglesHint: {x: 0, y: 0, z: 0}
--- !u!54 &3748394507756642835
Rigidbody:
  m_ObjectHideFlags: 0
  m_CorrespondingSourceObject: {fileID: 0}
  m_PrefabInstance: {fileID: 0}
  m_PrefabAsset: {fileID: 0}
  m_GameObject: {fileID: 2511064851169497687}
  serializedVersion: 2
  m_Mass: 1
  m_Drag: 0
  m_AngularDrag: 0.05
  m_UseGravity: 1
  m_IsKinematic: 0
  m_Interpolate: 0
  m_Constraints: 0
  m_CollisionDetection: 0
--- !u!136 &3748394507756642834
CapsuleCollider:
  m_ObjectHideFlags: 0
  m_CorrespondingSourceObject: {fileID: 0}
  m_PrefabInstance: {fileID: 0}
  m_PrefabAsset: {fileID: 0}
  m_GameObject: {fileID: 2511064851169497687}
  m_Material: {fileID: 13400000, guid: c2815a7ab32e42c4bb42f59caacb8ec1, type: 2}
  m_IsTrigger: 0
  m_Enabled: 1
  m_Radius: 0.25
  m_Height: 1.93
  m_Direction: 1
  m_Center: {x: -0.007259369, y: 0.93120354, z: 0}
--- !u!114 &3748394507756642847
MonoBehaviour:
  m_ObjectHideFlags: 0
  m_CorrespondingSourceObject: {fileID: 0}
  m_PrefabInstance: {fileID: 0}
  m_PrefabAsset: {fileID: 0}
  m_GameObject: {fileID: 2511064851169497687}
  m_Enabled: 1
  m_EditorHideFlags: 0
  m_Script: {fileID: 11500000, guid: ce7a80d520cacc042b5fe14f373d8173, type: 3}
  m_Name: 
  m_EditorClassIdentifier: 
  m_MovingTurnSpeed: 360
  m_StationaryTurnSpeed: 180
  m_JumpPower: 6
  m_GravityMultiplier: 2
  m_RunCycleLegOffset: 0.2
  m_MoveSpeedMultiplier: 1
  m_AnimSpeedMultiplier: 1
  m_GroundCheckDistance: 0.3
--- !u!114 &3748394507756642844
MonoBehaviour:
  m_ObjectHideFlags: 0
  m_CorrespondingSourceObject: {fileID: 0}
  m_PrefabInstance: {fileID: 0}
  m_PrefabAsset: {fileID: 0}
  m_GameObject: {fileID: 2511064851169497687}
  m_Enabled: 1
  m_EditorHideFlags: 0
  m_Script: {fileID: 11500000, guid: 521b611700410be45810047f0a74e899, type: 3}
  m_Name: 
  m_EditorClassIdentifier: 
--- !u!114 &3748394507756642845
MonoBehaviour:
  m_ObjectHideFlags: 0
  m_CorrespondingSourceObject: {fileID: 0}
  m_PrefabInstance: {fileID: 0}
  m_PrefabAsset: {fileID: 0}
  m_GameObject: {fileID: 2511064851169497687}
  m_Enabled: 1
  m_EditorHideFlags: 0
  m_Script: {fileID: 11500000, guid: 2fe7ee31005db114082730c768466828, type: 3}
  m_Name: 
  m_EditorClassIdentifier: 
  maxHealth: 100
  currentHealth: 0
  attackPoint: {fileID: 822878118}
  attackRange: 0.5
  animator: {fileID: 8793351066976455998}
  attackDamage: 25
  enemyLayers:
    serializedVersion: 2
    m_Bits: 256
  healthBar: {fileID: 0}
--- !u!1001 &5906740548871523166
PrefabInstance:
  m_ObjectHideFlags: 0
  serializedVersion: 2
  m_Modification:
    m_TransformParent: {fileID: 0}
    m_Modifications:
    - target: {fileID: -9104187125156267269, guid: 027f00c86c565a44f865fc7c749b99e5,
        type: 3}
      propertyPath: m_Layer
      value: 9
      objectReference: {fileID: 0}
    - target: {fileID: -8821730496120090133, guid: 027f00c86c565a44f865fc7c749b99e5,
        type: 3}
      propertyPath: m_Layer
      value: 9
      objectReference: {fileID: 0}
    - target: {fileID: -8776443730999284464, guid: 027f00c86c565a44f865fc7c749b99e5,
        type: 3}
      propertyPath: m_Layer
      value: 9
      objectReference: {fileID: 0}
    - target: {fileID: -8697235008822508674, guid: 027f00c86c565a44f865fc7c749b99e5,
        type: 3}
      propertyPath: m_Layer
      value: 9
      objectReference: {fileID: 0}
    - target: {fileID: -8551185521403139232, guid: 027f00c86c565a44f865fc7c749b99e5,
        type: 3}
      propertyPath: m_Layer
      value: 9
      objectReference: {fileID: 0}
    - target: {fileID: -8185952903050811798, guid: 027f00c86c565a44f865fc7c749b99e5,
        type: 3}
      propertyPath: m_Layer
      value: 9
      objectReference: {fileID: 0}
    - target: {fileID: -7928065838038564946, guid: 027f00c86c565a44f865fc7c749b99e5,
        type: 3}
      propertyPath: m_Layer
      value: 9
      objectReference: {fileID: 0}
    - target: {fileID: -7685234740493344319, guid: 027f00c86c565a44f865fc7c749b99e5,
        type: 3}
      propertyPath: m_Layer
      value: 9
      objectReference: {fileID: 0}
    - target: {fileID: -7549213097686168809, guid: 027f00c86c565a44f865fc7c749b99e5,
        type: 3}
      propertyPath: m_Layer
      value: 9
      objectReference: {fileID: 0}
    - target: {fileID: -7400957870690442438, guid: 027f00c86c565a44f865fc7c749b99e5,
        type: 3}
      propertyPath: m_Layer
      value: 9
      objectReference: {fileID: 0}
    - target: {fileID: -6957659500643066883, guid: 027f00c86c565a44f865fc7c749b99e5,
        type: 3}
      propertyPath: m_LocalPosition.y
      value: 0.621
      objectReference: {fileID: 0}
    - target: {fileID: -6541932690128824298, guid: 027f00c86c565a44f865fc7c749b99e5,
        type: 3}
      propertyPath: m_Layer
      value: 9
      objectReference: {fileID: 0}
    - target: {fileID: -6057140222963153312, guid: 027f00c86c565a44f865fc7c749b99e5,
        type: 3}
      propertyPath: m_Controller
      value: 
      objectReference: {fileID: 9100000, guid: 5bb8a418cb226844e9f25568f6dbd8b5, type: 2}
    - target: {fileID: -6057140222963153312, guid: 027f00c86c565a44f865fc7c749b99e5,
        type: 3}
      propertyPath: m_ApplyRootMotion
      value: 0
      objectReference: {fileID: 0}
    - target: {fileID: -5279455385876003900, guid: 027f00c86c565a44f865fc7c749b99e5,
        type: 3}
      propertyPath: m_Layer
      value: 9
      objectReference: {fileID: 0}
    - target: {fileID: -5279455385876003900, guid: 027f00c86c565a44f865fc7c749b99e5,
        type: 3}
      propertyPath: m_IsActive
      value: 0
      objectReference: {fileID: 0}
    - target: {fileID: -5043246885307179217, guid: 027f00c86c565a44f865fc7c749b99e5,
        type: 3}
      propertyPath: m_Layer
      value: 9
      objectReference: {fileID: 0}
    - target: {fileID: -4995935506722976644, guid: 027f00c86c565a44f865fc7c749b99e5,
        type: 3}
      propertyPath: m_Layer
      value: 9
      objectReference: {fileID: 0}
    - target: {fileID: -4885207035544311151, guid: 027f00c86c565a44f865fc7c749b99e5,
        type: 3}
      propertyPath: m_LocalRotation.x
      value: 0.030869791
      objectReference: {fileID: 0}
    - target: {fileID: -4885207035544311151, guid: 027f00c86c565a44f865fc7c749b99e5,
        type: 3}
      propertyPath: m_LocalRotation.z
      value: 0.12925293
      objectReference: {fileID: 0}
    - target: {fileID: -4608326041250912733, guid: 027f00c86c565a44f865fc7c749b99e5,
        type: 3}
      propertyPath: m_Layer
      value: 9
      objectReference: {fileID: 0}
    - target: {fileID: -4378060034185091140, guid: 027f00c86c565a44f865fc7c749b99e5,
        type: 3}
      propertyPath: m_Layer
      value: 9
      objectReference: {fileID: 0}
    - target: {fileID: -4216859302048453862, guid: 027f00c86c565a44f865fc7c749b99e5,
        type: 3}
      propertyPath: m_LocalPosition.x
      value: 17.01
      objectReference: {fileID: 0}
    - target: {fileID: -4216859302048453862, guid: 027f00c86c565a44f865fc7c749b99e5,
        type: 3}
      propertyPath: m_LocalPosition.y
      value: 107.853
      objectReference: {fileID: 0}
    - target: {fileID: -4216859302048453862, guid: 027f00c86c565a44f865fc7c749b99e5,
        type: 3}
      propertyPath: m_LocalPosition.z
      value: 42.648
      objectReference: {fileID: 0}
    - target: {fileID: -4216859302048453862, guid: 027f00c86c565a44f865fc7c749b99e5,
        type: 3}
      propertyPath: m_LocalRotation.x
      value: 0
      objectReference: {fileID: 0}
    - target: {fileID: -4216859302048453862, guid: 027f00c86c565a44f865fc7c749b99e5,
        type: 3}
      propertyPath: m_LocalRotation.y
      value: 0
      objectReference: {fileID: 0}
    - target: {fileID: -4216859302048453862, guid: 027f00c86c565a44f865fc7c749b99e5,
        type: 3}
      propertyPath: m_LocalRotation.z
      value: 0
      objectReference: {fileID: 0}
    - target: {fileID: -4216859302048453862, guid: 027f00c86c565a44f865fc7c749b99e5,
        type: 3}
      propertyPath: m_LocalRotation.w
      value: 1
      objectReference: {fileID: 0}
    - target: {fileID: -4216859302048453862, guid: 027f00c86c565a44f865fc7c749b99e5,
        type: 3}
      propertyPath: m_RootOrder
      value: 0
      objectReference: {fileID: 0}
    - target: {fileID: -4216859302048453862, guid: 027f00c86c565a44f865fc7c749b99e5,
        type: 3}
      propertyPath: m_LocalEulerAnglesHint.x
      value: 0
      objectReference: {fileID: 0}
    - target: {fileID: -4216859302048453862, guid: 027f00c86c565a44f865fc7c749b99e5,
        type: 3}
      propertyPath: m_LocalEulerAnglesHint.y
      value: 0
      objectReference: {fileID: 0}
    - target: {fileID: -4216859302048453862, guid: 027f00c86c565a44f865fc7c749b99e5,
        type: 3}
      propertyPath: m_LocalEulerAnglesHint.z
      value: 0
      objectReference: {fileID: 0}
    - target: {fileID: -3827203591872062220, guid: 027f00c86c565a44f865fc7c749b99e5,
        type: 3}
      propertyPath: m_Layer
      value: 9
      objectReference: {fileID: 0}
    - target: {fileID: -3810088725779387465, guid: 027f00c86c565a44f865fc7c749b99e5,
        type: 3}
      propertyPath: m_Layer
      value: 9
      objectReference: {fileID: 0}
    - target: {fileID: -3589214480337214082, guid: 027f00c86c565a44f865fc7c749b99e5,
        type: 3}
      propertyPath: m_Layer
      value: 9
      objectReference: {fileID: 0}
    - target: {fileID: -3367087739696615030, guid: 027f00c86c565a44f865fc7c749b99e5,
        type: 3}
      propertyPath: m_Layer
      value: 9
      objectReference: {fileID: 0}
    - target: {fileID: -3300065253468261507, guid: 027f00c86c565a44f865fc7c749b99e5,
        type: 3}
      propertyPath: m_Layer
      value: 9
      objectReference: {fileID: 0}
    - target: {fileID: -2812411043993964098, guid: 027f00c86c565a44f865fc7c749b99e5,
        type: 3}
      propertyPath: m_Layer
      value: 9
      objectReference: {fileID: 0}
    - target: {fileID: -2602705650901686616, guid: 027f00c86c565a44f865fc7c749b99e5,
        type: 3}
      propertyPath: m_Layer
      value: 9
      objectReference: {fileID: 0}
    - target: {fileID: -2409344690808595634, guid: 027f00c86c565a44f865fc7c749b99e5,
        type: 3}
      propertyPath: m_LocalRotation.x
      value: 0.030869756
      objectReference: {fileID: 0}
    - target: {fileID: -2409344690808595634, guid: 027f00c86c565a44f865fc7c749b99e5,
        type: 3}
      propertyPath: m_LocalRotation.z
      value: -0.12925291
      objectReference: {fileID: 0}
    - target: {fileID: -1595151971274514636, guid: 027f00c86c565a44f865fc7c749b99e5,
        type: 3}
      propertyPath: m_Layer
      value: 9
      objectReference: {fileID: 0}
    - target: {fileID: -1572942886441975577, guid: 027f00c86c565a44f865fc7c749b99e5,
        type: 3}
      propertyPath: m_Layer
      value: 9
      objectReference: {fileID: 0}
    - target: {fileID: -1503694472416979964, guid: 027f00c86c565a44f865fc7c749b99e5,
        type: 3}
      propertyPath: m_Layer
      value: 9
      objectReference: {fileID: 0}
    - target: {fileID: -1383766059299168141, guid: 027f00c86c565a44f865fc7c749b99e5,
        type: 3}
      propertyPath: m_Layer
      value: 9
      objectReference: {fileID: 0}
    - target: {fileID: -1148726003191109902, guid: 027f00c86c565a44f865fc7c749b99e5,
        type: 3}
      propertyPath: m_Layer
      value: 9
      objectReference: {fileID: 0}
    - target: {fileID: -1082736089344969170, guid: 027f00c86c565a44f865fc7c749b99e5,
        type: 3}
      propertyPath: m_Layer
      value: 9
      objectReference: {fileID: 0}
    - target: {fileID: -964234394264807023, guid: 027f00c86c565a44f865fc7c749b99e5,
        type: 3}
      propertyPath: m_Layer
      value: 9
      objectReference: {fileID: 0}
    - target: {fileID: -927199367670048503, guid: 027f00c86c565a44f865fc7c749b99e5,
        type: 3}
      propertyPath: m_Name
      value: The Adventurer Blake
      objectReference: {fileID: 0}
    - target: {fileID: -927199367670048503, guid: 027f00c86c565a44f865fc7c749b99e5,
        type: 3}
      propertyPath: m_Layer
      value: 9
      objectReference: {fileID: 0}
    - target: {fileID: -927199367670048503, guid: 027f00c86c565a44f865fc7c749b99e5,
        type: 3}
      propertyPath: m_TagString
      value: Player
      objectReference: {fileID: 0}
    - target: {fileID: -920489323470720919, guid: 027f00c86c565a44f865fc7c749b99e5,
        type: 3}
      propertyPath: m_Layer
      value: 9
      objectReference: {fileID: 0}
    - target: {fileID: -907668927930907347, guid: 027f00c86c565a44f865fc7c749b99e5,
        type: 3}
      propertyPath: m_Layer
      value: 9
      objectReference: {fileID: 0}
    - target: {fileID: -659399099731042033, guid: 027f00c86c565a44f865fc7c749b99e5,
        type: 3}
      propertyPath: m_Layer
      value: 9
      objectReference: {fileID: 0}
    - target: {fileID: -458378639053378285, guid: 027f00c86c565a44f865fc7c749b99e5,
        type: 3}
      propertyPath: m_Layer
      value: 9
      objectReference: {fileID: 0}
    - target: {fileID: -209700724842473929, guid: 027f00c86c565a44f865fc7c749b99e5,
        type: 3}
      propertyPath: m_Layer
      value: 9
      objectReference: {fileID: 0}
    - target: {fileID: -26114381727606106, guid: 027f00c86c565a44f865fc7c749b99e5,
        type: 3}
      propertyPath: m_Layer
      value: 9
      objectReference: {fileID: 0}
    - target: {fileID: 116293450534637431, guid: 027f00c86c565a44f865fc7c749b99e5,
        type: 3}
      propertyPath: m_Layer
      value: 9
      objectReference: {fileID: 0}
    - target: {fileID: 239500683359690819, guid: 027f00c86c565a44f865fc7c749b99e5,
        type: 3}
      propertyPath: m_Layer
      value: 9
      objectReference: {fileID: 0}
    - target: {fileID: 607986742307921343, guid: 027f00c86c565a44f865fc7c749b99e5,
        type: 3}
      propertyPath: m_Layer
      value: 9
      objectReference: {fileID: 0}
    - target: {fileID: 784159995578414474, guid: 027f00c86c565a44f865fc7c749b99e5,
        type: 3}
      propertyPath: m_Layer
      value: 9
      objectReference: {fileID: 0}
    - target: {fileID: 917769423607878130, guid: 027f00c86c565a44f865fc7c749b99e5,
        type: 3}
      propertyPath: m_Layer
      value: 9
      objectReference: {fileID: 0}
    - target: {fileID: 1361546393720641012, guid: 027f00c86c565a44f865fc7c749b99e5,
        type: 3}
      propertyPath: m_Layer
      value: 9
      objectReference: {fileID: 0}
    - target: {fileID: 1410937486807992224, guid: 027f00c86c565a44f865fc7c749b99e5,
        type: 3}
      propertyPath: m_Layer
      value: 9
      objectReference: {fileID: 0}
    - target: {fileID: 1582431934670016890, guid: 027f00c86c565a44f865fc7c749b99e5,
        type: 3}
      propertyPath: m_Layer
      value: 9
      objectReference: {fileID: 0}
    - target: {fileID: 1616588780366149631, guid: 027f00c86c565a44f865fc7c749b99e5,
        type: 3}
      propertyPath: m_Layer
      value: 9
      objectReference: {fileID: 0}
    - target: {fileID: 1700692624792159994, guid: 027f00c86c565a44f865fc7c749b99e5,
        type: 3}
      propertyPath: m_Layer
      value: 9
      objectReference: {fileID: 0}
    - target: {fileID: 2092587151177932775, guid: 027f00c86c565a44f865fc7c749b99e5,
        type: 3}
      propertyPath: m_Layer
      value: 9
      objectReference: {fileID: 0}
    - target: {fileID: 2148866907059025802, guid: 027f00c86c565a44f865fc7c749b99e5,
        type: 3}
      propertyPath: m_Layer
      value: 9
      objectReference: {fileID: 0}
    - target: {fileID: 2185528093293669484, guid: 027f00c86c565a44f865fc7c749b99e5,
        type: 3}
      propertyPath: m_Layer
      value: 9
      objectReference: {fileID: 0}
    - target: {fileID: 2326183286361858980, guid: 027f00c86c565a44f865fc7c749b99e5,
        type: 3}
      propertyPath: m_Layer
      value: 9
      objectReference: {fileID: 0}
    - target: {fileID: 2777461421366959145, guid: 027f00c86c565a44f865fc7c749b99e5,
        type: 3}
      propertyPath: m_Layer
      value: 9
      objectReference: {fileID: 0}
    - target: {fileID: 3077447020115416768, guid: 027f00c86c565a44f865fc7c749b99e5,
        type: 3}
      propertyPath: m_Layer
      value: 9
      objectReference: {fileID: 0}
    - target: {fileID: 3198964498244470350, guid: 027f00c86c565a44f865fc7c749b99e5,
        type: 3}
      propertyPath: m_Layer
      value: 9
      objectReference: {fileID: 0}
    - target: {fileID: 3265518366360876667, guid: 027f00c86c565a44f865fc7c749b99e5,
        type: 3}
      propertyPath: m_Layer
      value: 9
      objectReference: {fileID: 0}
    - target: {fileID: 3429795766749149861, guid: 027f00c86c565a44f865fc7c749b99e5,
        type: 3}
      propertyPath: m_Layer
      value: 9
      objectReference: {fileID: 0}
    - target: {fileID: 3792404276003698733, guid: 027f00c86c565a44f865fc7c749b99e5,
        type: 3}
      propertyPath: m_Layer
      value: 9
      objectReference: {fileID: 0}
    - target: {fileID: 3807445296380382928, guid: 027f00c86c565a44f865fc7c749b99e5,
        type: 3}
      propertyPath: m_Layer
      value: 9
      objectReference: {fileID: 0}
    - target: {fileID: 3922339763608483790, guid: 027f00c86c565a44f865fc7c749b99e5,
        type: 3}
      propertyPath: m_Layer
      value: 9
      objectReference: {fileID: 0}
    - target: {fileID: 4011733101180066293, guid: 027f00c86c565a44f865fc7c749b99e5,
        type: 3}
      propertyPath: m_Layer
      value: 9
      objectReference: {fileID: 0}
    - target: {fileID: 4319111532559230927, guid: 027f00c86c565a44f865fc7c749b99e5,
        type: 3}
      propertyPath: m_Layer
      value: 9
      objectReference: {fileID: 0}
    - target: {fileID: 4325786077145953293, guid: 027f00c86c565a44f865fc7c749b99e5,
        type: 3}
      propertyPath: m_Layer
      value: 9
      objectReference: {fileID: 0}
    - target: {fileID: 4927210677250180510, guid: 027f00c86c565a44f865fc7c749b99e5,
        type: 3}
      propertyPath: m_Layer
      value: 9
      objectReference: {fileID: 0}
    - target: {fileID: 4930881526704033064, guid: 027f00c86c565a44f865fc7c749b99e5,
        type: 3}
      propertyPath: m_Layer
      value: 9
      objectReference: {fileID: 0}
    - target: {fileID: 4995522197617767763, guid: 027f00c86c565a44f865fc7c749b99e5,
        type: 3}
      propertyPath: m_Layer
      value: 9
      objectReference: {fileID: 0}
    - target: {fileID: 5217029498876990560, guid: 027f00c86c565a44f865fc7c749b99e5,
        type: 3}
      propertyPath: m_Layer
      value: 9
      objectReference: {fileID: 0}
    - target: {fileID: 5409269695204044383, guid: 027f00c86c565a44f865fc7c749b99e5,
        type: 3}
      propertyPath: m_Layer
      value: 9
      objectReference: {fileID: 0}
    - target: {fileID: 5813957988812249899, guid: 027f00c86c565a44f865fc7c749b99e5,
        type: 3}
      propertyPath: m_Layer
      value: 9
      objectReference: {fileID: 0}
    - target: {fileID: 5964946606988917921, guid: 027f00c86c565a44f865fc7c749b99e5,
        type: 3}
      propertyPath: m_Layer
      value: 9
      objectReference: {fileID: 0}
    - target: {fileID: 6122260159039956456, guid: 027f00c86c565a44f865fc7c749b99e5,
        type: 3}
      propertyPath: m_Layer
      value: 9
      objectReference: {fileID: 0}
    - target: {fileID: 6286930586768825235, guid: 027f00c86c565a44f865fc7c749b99e5,
        type: 3}
      propertyPath: m_Layer
      value: 9
      objectReference: {fileID: 0}
    - target: {fileID: 6376247824209848887, guid: 027f00c86c565a44f865fc7c749b99e5,
        type: 3}
      propertyPath: m_Layer
      value: 9
      objectReference: {fileID: 0}
    - target: {fileID: 6507734518650391081, guid: 027f00c86c565a44f865fc7c749b99e5,
        type: 3}
      propertyPath: m_Layer
      value: 9
      objectReference: {fileID: 0}
    - target: {fileID: 6654376827469134370, guid: 027f00c86c565a44f865fc7c749b99e5,
        type: 3}
      propertyPath: m_BlendShapeWeights.Array.size
      value: 2
      objectReference: {fileID: 0}
    - target: {fileID: 6671915979786278114, guid: 027f00c86c565a44f865fc7c749b99e5,
        type: 3}
      propertyPath: m_Layer
      value: 9
      objectReference: {fileID: 0}
    - target: {fileID: 7116618424765054490, guid: 027f00c86c565a44f865fc7c749b99e5,
        type: 3}
      propertyPath: m_Layer
      value: 9
      objectReference: {fileID: 0}
    - target: {fileID: 7199902334543741925, guid: 027f00c86c565a44f865fc7c749b99e5,
        type: 3}
      propertyPath: m_Layer
      value: 9
      objectReference: {fileID: 0}
    - target: {fileID: 7265991462189661464, guid: 027f00c86c565a44f865fc7c749b99e5,
        type: 3}
      propertyPath: m_Layer
      value: 9
      objectReference: {fileID: 0}
    - target: {fileID: 7352879060624261584, guid: 027f00c86c565a44f865fc7c749b99e5,
        type: 3}
      propertyPath: m_Layer
      value: 9
      objectReference: {fileID: 0}
    - target: {fileID: 7557540002471790986, guid: 027f00c86c565a44f865fc7c749b99e5,
        type: 3}
      propertyPath: m_Layer
      value: 9
      objectReference: {fileID: 0}
    - target: {fileID: 7683570357809521422, guid: 027f00c86c565a44f865fc7c749b99e5,
        type: 3}
      propertyPath: m_Layer
      value: 9
      objectReference: {fileID: 0}
    - target: {fileID: 7745751317104681894, guid: 027f00c86c565a44f865fc7c749b99e5,
        type: 3}
      propertyPath: m_Layer
      value: 9
      objectReference: {fileID: 0}
    - target: {fileID: 7876334836833919387, guid: 027f00c86c565a44f865fc7c749b99e5,
        type: 3}
      propertyPath: m_Layer
      value: 9
      objectReference: {fileID: 0}
    - target: {fileID: 7954917180578439299, guid: 027f00c86c565a44f865fc7c749b99e5,
        type: 3}
      propertyPath: m_Layer
      value: 9
      objectReference: {fileID: 0}
    - target: {fileID: 8051415255134806348, guid: 027f00c86c565a44f865fc7c749b99e5,
        type: 3}
      propertyPath: m_Layer
      value: 9
      objectReference: {fileID: 0}
    - target: {fileID: 8158851117893843241, guid: 027f00c86c565a44f865fc7c749b99e5,
        type: 3}
      propertyPath: m_Layer
      value: 9
      objectReference: {fileID: 0}
    - target: {fileID: 8262949091340265904, guid: 027f00c86c565a44f865fc7c749b99e5,
        type: 3}
      propertyPath: m_Layer
      value: 9
      objectReference: {fileID: 0}
    - target: {fileID: 9027124049610543990, guid: 027f00c86c565a44f865fc7c749b99e5,
        type: 3}
      propertyPath: m_Layer
      value: 9
      objectReference: {fileID: 0}
    - target: {fileID: 9065906238872704453, guid: 027f00c86c565a44f865fc7c749b99e5,
        type: 3}
      propertyPath: m_Layer
      value: 9
      objectReference: {fileID: 0}
    m_RemovedComponents: []
  m_SourcePrefab: {fileID: 100100000, guid: 027f00c86c565a44f865fc7c749b99e5, type: 3}
--- !u!1 &2511064851169497687 stripped
GameObject:
  m_CorrespondingSourceObject: {fileID: -927199367670048503, guid: 027f00c86c565a44f865fc7c749b99e5,
    type: 3}
  m_PrefabInstance: {fileID: 5906740548871523166}
  m_PrefabAsset: {fileID: 0}
--- !u!4 &1477816149906006084 stripped
Transform:
  m_CorrespondingSourceObject: {fileID: -4216859302048453862, guid: 027f00c86c565a44f865fc7c749b99e5,
    type: 3}
  m_PrefabInstance: {fileID: 5906740548871523166}
  m_PrefabAsset: {fileID: 0}
--- !u!95 &8793351066976455998 stripped
Animator:
  m_CorrespondingSourceObject: {fileID: -6057140222963153312, guid: 027f00c86c565a44f865fc7c749b99e5,
    type: 3}
  m_PrefabInstance: {fileID: 5906740548871523166}
  m_PrefabAsset: {fileID: 0}
